<?xml version="1.0" encoding="UTF-8"?><collection xmlns="http://www.loc.gov/MARC21/slim"><record><leader>00673nam--2200217-u-4500</leader><controlfield tag="001">000051116</controlfield><controlfield tag="002">20161230</controlfield><controlfield tag="005">20161230201049</controlfield><controlfield tag="008">080520s1000------------r-----000-0-eng-d</controlfield><datafield ind1=" " ind2=" " tag="020"><subfield code="a">0-387-94680-2</subfield></datafield><datafield ind1=" " ind2=" " tag="040"><subfield code="a">IFIN-HH</subfield></datafield><datafield ind1=" " ind2=" " tag="080"><subfield code="a">512.7</subfield></datafield><datafield ind1="1" ind2=" " tag="100"><subfield code="a">Cox, David; Little, John; O'Shea, Donal</subfield></datafield><datafield ind1="1" ind2=" " tag="245"><subfield code="a">Ideals, Varieties, and Algorithms. An Introduction to Computational Algebric Geometry and Commutative Algebra</subfield></datafield><datafield ind1=" " ind2=" " tag="250"><subfield code="a">Second Edition</subfield></datafield><datafield ind1=" " ind2=" " tag="260"><subfield code="a">New York</subfield><subfield code="b">Springer</subfield><subfield code="c">1996</subfield></datafield><datafield ind1=" " ind2=" " tag="300"><subfield code="a">536 p</subfield></datafield><datafield ind1=" " ind2=" " tag="490"><subfield code="a">Undergraduate Texts in Mathematics</subfield></datafield><datafield ind1=" " ind2="4" tag="650"><subfield code="a">Cummutative algebra - Data processing</subfield></datafield><datafield ind1="1" ind2=" " tag="700"><subfield code="a">Donal O'Shea</subfield></datafield><datafield ind1=" " ind2=" " tag="CAT"><subfield code="a">Sys</subfield><subfield code="c">20080520</subfield><subfield code="h">132708</subfield></datafield></record></collection>